%% This BibTeX bibliography file was created using BibDesk.
%% http://bibdesk.sourceforge.net/


%% Created for Richard Bornat at 2020-10-09 11:49:58 +0100 


%% Saved with string encoding Western (ASCII) 



@article{von2016aristotle,
	Author = {von Plato, Jan and Probst, D and Schuster, P},
	Date-Added = {2020-10-09 11:49:05 +0100},
	Date-Modified = {2020-10-09 11:49:05 +0100},
	Journal = {Concepts of Proof in Mathematics, Philosophy, and Computer Science},
	Pages = {323},
	Publisher = {Walter de Gruyter GmbH \& Co KG},
	Title = {Aristotle's deductive logic: a proof-theoretical study},
	Volume = {6},
	Year = {2016}}

@article{dyckhoff2019indefinite,
	Author = {Dyckhoff, Roy},
	Date-Added = {2020-10-09 11:46:16 +0100},
	Date-Modified = {2020-10-09 11:46:16 +0100},
	Journal = {Bulletin of Symbolic Logic},
	Title = {Indefinite proof and inversions of syllogisms},
	Year = {2019}}

@article{dyckhoff1992contraction,
	Author = {Dyckhoff, Roy},
	Date-Added = {2020-10-09 11:39:34 +0100},
	Date-Modified = {2020-10-09 11:39:34 +0100},
	Journal = {The Journal of Symbolic Logic},
	Number = {3},
	Pages = {795--807},
	Publisher = {Cambridge University Press},
	Title = {Contraction-free sequent calculi for intuitionistic logic},
	Volume = {57},
	Year = {1992}}

@article{dyckhoff1989malt,
	Author = {Dyckhoff, Roy and Leslie, Neil and Read, Stephen},
	Date-Added = {2020-10-09 11:24:49 +0100},
	Date-Modified = {2020-10-09 11:25:23 +0100},
	Journal = {Computerised Logic Teaching Bulletin},
	Number = {1},
	Pages = {51--69},
	Title = {{MALT St Andrews (MacLogic---a proof assistant for first-order logic)}},
	Volume = {2},
	Year = {1989}}
